@article{probst2019hyperparameters,
  title={Hyperparameters and tuning strategies for random forest},
  author={Probst, Philipp and Wright, Marvin N and Boulesteix, Anne-Laure},
  journal={Wiley Interdisciplinary Reviews: Data Mining and Knowledge Discovery},
  volume={9},
  number={3},
  pages={e1301},
  year={2019},
  publisher={Wiley Online Library}
}
@article{probst2017tune,
  title={To Tune or Not to Tune the Number of Trees in Random Forest.},
  author={Probst, Philipp and Boulesteix, Anne-Laure},
  journal={J. Mach. Learn. Res.},
  volume={18},
  number={1},
  pages={6673--6690},
  year={2017}
}
@article{konukoglu2014approximate,
  title={Approximate false positive rate control in selection frequency for random forest},
  author={Konukoglu, Ender and Ganz, Melanie},
  journal={arXiv preprint arXiv:1410.2838},
  year={2014}
}
